@article{von1966theory,
  title={Theory of self-reproducing automata},
  author={Von Neumann, John and Burks, Arthur Walter and others},
  year={1966},
  publisher={University of Illinois press Urbana}
}

@online{Martin2008,
author = {Martin Chris},
title = {What is Rootkit and How to Detect and protect from Rootkits},
year = {2008},
url = {http://www.aboutonlinetips.com/what-is-rootkit-and-how-to-detect-and-protect-from-rootkits/},
}

@online{Ducklin1991,
author = {Paul Ducklin},
title = {Tequila},
year = {1991},
url = {http://www.mcafee.com/threat-intelligence/malware/default.aspx?id=98230},
}


@misc{Adnan2011,
author = {Adnan Abdalla},
title = {Rootkits Classification and Their CounterMeasures},
year = {2011},
}


@article{sorin2011primer,
  title={A primer on memory consistency and cache coherence},
  author={Sorin, Daniel J and Hill, Mark D and Wood, David A},
  journal={Synthesis Lectures on Computer Architecture},
  volume={6},
  number={3},
  pages={1--212},
  year={2011},
  publisher={Morgan \& Claypool Publishers}
}

@masterthesis{Christos2013,
  author = "Christos V. Tsopokis",
  title  = "Concurrent Memory Inspection for Intrusion Detection",
  school = "Royal Holloway",
  year   = "2013"
}

@article{papamarcos1984low,
  title={A low-overhead coherence solution for multiprocessors with private cache memories},
  author={Papamarcos, Mark S and Patel, Janak H},
  booktitle={ACM SIGARCH Computer Architecture News},
  volume={12},
  number={3},
  pages={348--354},
  year={1984},
  organization={ACM}
}

@book{Jim2007,
  author    = "Jim Handy",
  title     = "the Cache Memory Book, second edition",
  publisher = "Academic Press",
  year      = "2007"
}

@online{wikipolicies,
author = {wikipedia},
title = {Cache(computing)},
year = {2014},
url = {http://en.wikipedia.org/wiki/Cache_(computing)},
}


@article{von1961collected,
  title={Collected works},
  author={Von Neumann, John},
  journal={Oxford: Pergamon, 1961, edited by Taub, AH},
  volume={1},
  year={1961}
}

@book{sloss2004arm,
  title={ARM system developer's guide: designing and optimizing system software},
  author={Sloss, Andrew and Symes, Dominic and Wright, Chris},
  year={2004},
  publisher={Morgan Kaufmann}
}

@book{hennessy2012computer,
  title={Computer architecture: a quantitative approach},
  author={Hennessy, John L and Patterson, David A},
  year={2012},
  publisher={Elsevier}
}
@online{ComputerArchCoursera,
author = {David Wentzlaff},
title = {Computer Architecture},
year = {2013},
url = {https://class.coursera.org/comparch-002},
OPTsubtitle = {•},
OPTtitleaddon = {•},
OPTlanguage = {English},
OPTversion = {•},
OPTnote = {•},
OPTorganization = {Coursera},
OPTdate = {•},
OPTmonth = {•},
OPTaddendum = {•},
OPTpubstate = {•},
OPTurldate = {•},
}


@article{kilburn1962one,
  title={One-level storage system},
  author={Kilburn, Tom and Edwards, David BG and Lanigan, MJ and Sumner, Frank H},
  journal={Electronic Computers, IRE Transactions on},
  number={2},
  pages={223--235},
  year={1962},
  publisher={IEEE}
}

@article{shannon2001mathematical,
  title={A mathematical theory of communication},
  author={Shannon, Claude Elwood},
  journal={ACM SIGMOBILE Mobile Computing and Communications Review},
  volume={5},
  number={1},
  pages={3--55},
  year={2001},
  publisher={ACM}
}

@article{chen2004evolution,
  title={The evolution of viruses and worms},
  author={Chen, Thomas M and Robert, Jean-Marc},
  journal={Statistical Methods in Computer},
  year={2004}
}

@inproceedings{moser2007limits,
  title={Limits of static analysis for malware detection},
  author={Moser, Andreas and Kruegel, Christopher and Kirda, Engin},
  booktitle={Computer Security Applications Conference, 2007. ACSAC 2007. Twenty-Third Annual},
  pages={421--430},
  year={2007},
  organization={IEEE}
}
@article{@online{Shevchenko2007evol,
author = {Alisa Shevchenko},
title = {The evolution of self-defense technologies in malware},
year = {2007},
url = {https://www.securelist.com/en/analysis/204791949/The_evolution_of_self_defense_technologies_in_malware},
}

@article{@online{Shevchenko2007detc,
author = {Alisa Shevchenko},
title = {The evolution of technologies used to detect malicious code},
year = {2007},
url = {http://www.securelist.com/en/analysis/204791972/The_evolution_of_technologies_used_to_detect_malicious_code},
}

@MastersThesis{Tsopokis2012Concurrent,
author = {Tsopokis,Christo V.},
title = {Cuncurrent Memory Inspection for Intrution Detection},
school = {University of Holloway},
year = {2012},
}

@article{denning2005locality,
  title={The locality principle},
  author={Denning, Peter J},
  journal={Communications of the ACM},
  volume={48},
  number={7},
  pages={19--24},
  year={2005},
  publisher={ACM}
}

@article{nachenberg1996understanding,
  title={Understanding and managing polymorphic viruses},
  author={Nachenberg, Carey},
  journal={The Symantec Enterprise Papers},
  volume={30},
  pages={16},
  year={1996}
}
anonymous
@InCollection{anonymous1,
author = {anonymous},
title = {Polymorphic Generators},
booktitle = {VxHeaven},
}

@article{konstantinou2008metamorphic,
  title={Metamorphic virus: Analysis and detection},
  author={Konstantinou, Evgenios and Wolthusen, STEPHEN},
  journal={Retrieved on February},
  volume={22},
  pages={2011},
  year={2008}
}

@inproceedings{ferrie2008anti,
  title={Anti-unpacker tricks},
  author={Ferrie, Peter},
  booktitle={Amsterdam: CARO Workshop},
  year={2008}
}
@inproceedings{chen2008towards,
  title={Towards an understanding of anti-virtualization and anti-debugging behavior in modern malware},
  author={Chen, Xu and Andersen, Jonathon and Mao, Zhuoqing Morley and Bailey, Michael and Nazario, Jose},
  booktitle={Dependable Systems and Networks With FTCS and DCC, 2008. DSN 2008. IEEE International Conference on},
  pages={177--186},
  year={2008},
  organization={IEEE}
}
@inproceedings{mohan2012frankenstein,
  title={Frankenstein: Stitching Malware from Benign Binaries.},
  author={Mohan, Vishwath and Hamlen, Kevin W},
  booktitle={WOOT},
  pages={77--84},
  year={2012}
}

@article{roemer2012return,
  title={Return-oriented programming: Systems, languages, and applications},
  author={Roemer, Ryan and Buchanan, Erik and Shacham, Hovav and Savage, Stefan},
  journal={ACM Transactions on Information and System Security (TISSEC)},
  volume={15},
  number={1},
  pages={2},
  year={2012},
  publisher={ACM}
}

@inproceedings{shacham2007geometry,
  title={The geometry of innocent flesh on the bone: Return-into-libc without function calls (on the x86)},
  author={Shacham, Hovav},
  booktitle={Proceedings of the 14th ACM conference on Computer and communications security},
  pages={552--561},
  year={2007},
  organization={ACM}
}

@misc{designer1997getting,
  title={Getting around non-executable stack (and fix)},
  author={Designer, Solar},
  year={1997}
}
@article{rutkowska2006rootkits,
  title={Rootkits vs. stealth by design malware},
  author={Rutkowska, Joanna},
  journal={Black Hat, Europe},
  year={2006}
}

@inproceedings{li2011mechanisms,
  title={Mechanisms of Polymorphic and Metamorphic Viruses},
  author={Li, Xufang and Loh, Peter KK and Tan, Freddy},
  booktitle={Intelligence and Security Informatics Conference (EISIC), 2011 European},
  pages={149--154},
  year={2011},
  organization={IEEE}
}
@article{internotsecurityteam,
  title={Bypassing Anti-virus scanners},
  author={Internot Security Team},
  journal={Packet Storm Security},
}

@inproceedings{you2010malware,
  title={Malware obfuscation techniques: A brief survey},
  author={You, Ilsun and Yim, Kangbin},
  booktitle={Broadband, Wireless Computing, Communication and Applications (BWCCA), 2010 International Conference on},
  pages={297--300},
  year={2010},
  organization={IEEE}
}

@article{balakrishnan2005code,
  title={Code obfuscation literature survey},
  author={Balakrishnan, Arini and Schulze, Chloe},
  journal={CS701 Construction of Compilers},
  volume={19},
  year={2005}
}

@incollection{cavallaro2008limits,
  title={On the limits of information flow techniques for malware analysis and containment},
  author={Cavallaro, Lorenzo and Saxena, Prateek and Sekar, R},
  booktitle={Detection of Intrusions and Malware, and Vulnerability Assessment},
  pages={143--163},
  year={2008},
  publisher={Springer}
}

@article{egele2012survey,
  title={A survey on automated dynamic malware-analysis techniques and tools},
  author={Egele, Manuel and Scholte, Theodoor and Kirda, Engin and Kruegel, Christopher},
  journal={ACM Computing Surveys (CSUR)},
  volume={44},
  number={2},
  pages={6},
  year={2012},
  publisher={ACM}
}

@inproceedings{marpaung2012survey,
  title={Survey on malware evasion techniques: state of the art and challenges},
  author={Marpaung, Jonathan AP and Sain, Mangal and Lee, Hoon-Jae},
  booktitle={Advanced Communication Technology (ICACT), 2012 14th International Conference on},
  pages={744--749},
  year={2012},
  organization={IEEE}
}

@article{franklin2008remote,
  title={Remote detection of virtual machine monitors with fuzzy benchmarking},
  author={Franklin, Jason and Luk, Mark and McCune, Jonathan M and Seshadri, Arvind and Perrig, Adrian and Van Doorn, Leendert},
  journal={ACM SIGOPS Operating Systems Review},
  volume={42},
  number={3},
  pages={83--92},
  year={2008},
  publisher={ACM}
}

@inproceedings{lee2010detecting,
  title={Detecting metamorphic malwares using code graphs},
  author={Lee, Jusuk and Jeong, Kyoochang and Lee, Heejo},
  booktitle={Proceedings of the 2010 ACM symposium on applied computing},
  pages={1970--1977},
  year={2010},
  organization={ACM}
}

@techreport{christodorescu2006static,
  title={Static analysis of executables to detect malicious patterns},
  author={Christodorescu, Mihai and Jha, Somesh},
  year={2006},
  institution={DTIC Document}
}

@inproceedings{christodorescu2005semantics,
  title={Semantics-aware malware detection},
  author={Christodorescu, Mihai and Jha, Somesh and Seshia, Sanjit A and Song, Dawn and Bryant, Randal E},
  booktitle={Security and Privacy, 2005 IEEE Symposium on},
  pages={32--46},
  year={2005},
  organization={IEEE}
}

@inproceedings{saxena2008efficient,
  title={Efficient fine-grained binary instrumentationwith applications to taint-tracking},
  author={Saxena, Prateek and Sekar, R and Puranik, Varun},
  booktitle={Proceedings of the 6th annual IEEE/ACM international symposium on Code generation and optimization},
  pages={74--83},
  year={2008},
  organization={ACM}
}

@incollection{smith2007principles,
  title={Principles of secure information flow analysis},
  author={Smith, Geoffrey},
  booktitle={Malware Detection},
  pages={291--307},
  year={2007},
  publisher={Springer}
}

@inproceedings{abou2004detection,
  title={Detection of New Malicious Code Using N-grams Signatures.},
  author={Abou-Assaleh, Tony and Cercone, Nick and Keselj, Vlado and Sweidan, Ray},
  booktitle={PST},
  pages={193--196},
  year={2004}
}

@inproceedings{kendall2007practical,
  title={Practical malware analysis},
  author={Kendall, Kris and McMillan, Chad},
  booktitle={Black Hat Conference, USA},
  year={2007}
}
@inproceedings{abou2004n,
  title={N-gram-based detection of new malicious code},
  author={Abou-Assaleh, Tony and Cercone, Nick and Keselj, Vlado and Sweidan, Ray},
  booktitle={Computer Software and Applications Conference, 2004. COMPSAC 2004. Proceedings of the 28th Annual International},
  volume={2},
  pages={41--42},
  year={2004},
  organization={IEEE}
}

@article{reddy2006n,
  title={N-gram analysis for computer virus detection},
  author={Reddy, D Krishna Sandeep and Pujari, Arun K},
  journal={Journal in Computer Virology},
  volume={2},
  number={3},
  pages={231--239},
  year={2006},
  publisher={Springer}
}
@online{HPCfigure,
author = {HPC},
title = {High Performance Computing Valued Opinion},
year = {2013},
url = {http://hpc-opinion.blogspot.no/2011/09/clustering-topologies-torus.html},
}
@online{armcoherentinterconnector,
author = {Arm Development and Research Department},
title = {CoreLink CCI-400 Cache Coherent Interconnect},
year = {2013},
url = {http://www.arm.com/products/system-ip/interconnect/corelink-cci-400.php},
}



@book{0122007514,
  Author = {William James Dally and Brian Patrick Towles},
  Title = {Principles and Practices of Interconnection Networks (The Morgan Kaufmann Series in Computer Architecture and Design)},
  Publisher = {Morgan Kaufmann},
  Year = {2004},
  ISBN = {0122007514},
  URL = {http://www.amazon.com/Principles-Practices-Interconnection-Networks-Architecture/dp/0122007514%3FSubscriptionId%3D0JYN1NVW651KCA56C102%26tag%3Dtechkie-20%26linkCode%3Dxm2%26camp%3D2025%26creative%3D165953%26creativeASIN%3D0122007514}
}

@article{routingand1999,
  Author = {Pavel Tvrdik},
  Year = {1999},
  title = {Routing Algorithms and Switching Techniques},
  chapter = {7},
  institution = {University of Wisconsin},
  type = {Course Notes},
}

@inproceedings{ramilli2011multiprocess,
  title={Multiprocess malware},
  author={Ramilli, Marco and Bishop, Matt and Sun, Shining},
  booktitle={Malicious and Unwanted Software (MALWARE), 2011 6th International Conference on},
  pages={8--13},
  year={2011},
  organization={IEEE}
}

@inproceedings{schwartz2011q,
  title={Q: Exploit Hardening Made Easy.},
  author={Schwartz, Edward J and Avgerinos, Thanassis and Brumley, David},
  booktitle={USENIX Security Symposium},
  year={2011}
}

@book{mmap2011,
  author    = "Rubini, Alessandro, and Jonathan Corbet",
  title     = "{"}Memory Mapping and DMA.{"} Linux Device Drivers. Sebastopol:",
  publisher = "O'Reilly \& Associates",
  year      = "2001"
}

@article{von1993first,
  title={First Draft of a Report on the EDVAC},
  author={Von Neumann, John},
  journal={IEEE Annals of the History of Computing},
  volume={15},
  number={4},
  pages={27--75},
  year={1993},
  publisher={Published by the IEEE Computer Society}
}

@book{mak2011writing,
  title={Writing compilers and interpreters: a software engineering approach},
  author={Mak, Ronald},
  year={2011},
  publisher={John Wiley \& Sons}
}

@book{abelson1996structure,
  title={Structure and interpretation of computer programs},
  author={Abelson, Harold},
  year={1996},
  publisher={Paul Muljadi}
}

@article{koopman1993brief,
  title={A brief introduction to Forth},
  author={Koopman, Philip},
  year={1993}
}

@article{pelc2011programming,
  title={Programming Forth},
  author={Pelc, Stephen},
  journal={Microprocessor Engineering Limited},
  year={2011}
}

@article{kistler1999tree,
  title={A tree-based alternative to Java byte-codes},
  author={Kistler, Thomas and Franz, Michael},
  journal={International Journal of Parallel Programming},
  volume={27},
  number={1},
  pages={21--33},
  year={1999},
  publisher={Springer}
}

@article{garen2008announcing,
  title={Announcing SquirrelFish},
  author={Garen, GEOFFREY},
  journal={Surfin’Safari},
  year={2008}
}


