@article{von1966theory,
  title={Theory of self-reproducing automata},
  author={Von Neumann, John and Burks, Arthur Walter and others},
  year={1966},
  publisher={University of Illinois press Urbana}
}

@article{chen2004evolution,
  title={The evolution of viruses and worms},
  author={Chen, Thomas M and Robert, Jean-Marc},
  journal={Statistical Methods in Computer},
  year={2004}
}

@inproceedings{moser2007limits,
  title={Limits of static analysis for malware detection},
  author={Moser, Andreas and Kruegel, Christopher and Kirda, Engin},
  booktitle={Computer Security Applications Conference, 2007. ACSAC 2007. Twenty-Third Annual},
  pages={421--430},
  year={2007},
  organization={IEEE}
}

@incollection{cavallaro2008limits,
  title={On the limits of information flow techniques for malware analysis and containment},
  author={Cavallaro, Lorenzo and Saxena, Prateek and Sekar, R},
  booktitle={Detection of Intrusions and Malware, and Vulnerability Assessment},
  pages={143--163},
  year={2008},
  publisher={Springer}
}

@article{egele2012survey,
  title={A survey on automated dynamic malware-analysis techniques and tools},
  author={Egele, Manuel and Scholte, Theodoor and Kirda, Engin and Kruegel, Christopher},
  journal={ACM Computing Surveys (CSUR)},
  volume={44},
  number={2},
  pages={6},
  year={2012},
  publisher={ACM}
}